@book{bookc:matousek03,
  author    = {J. Matou\v{s}ek},
  title     = {Using the Borsuk-Ulam Theorem},
  publisher = {Springer},
  year      = {2003},
  edition   = {2nd, corrected printing}
}

@book{bookc:bredon93,
  author    = {Glen E. Bredon},
  title     = {Topology and Geometry},
  publisher = {Springer},
  year      = {1993}
}

@book{bookc:munkres84,
  author    = {James R. Munkres},
  title     = {Elements of Algebraic Topology},
  publisher = {Eddison-Wesley},
  year      = {1984}
}

@article{artcle:bognar77,
  author    = {M. Bogn√°r},
  title     = {A finite 2-dimensional CW complex which cannot be triangulated},
  journal   = {Acta Mathematica Hungarica},
  volume    = {29},
  pages	    = {107--112},
  year      = {1977},
  url	    = {http://link.springer.com/article/10.1007/BF01896472}
}

@PREAMBLE{ 
   "\csname g@addto@macro\endcsname\UrlBreaks{\do\s}" }

@booklet{www:blog:rip:triangulation,
  author  = {{Richard \glqq Rip\grqq{}} Pelletier},
  title   = {Triangulations of Surfaces: minimum number of triangles},
  url	  = {http://rip94550.wordpress.com/2008/08/12/triangulations-of-surfaces-minimum-number-of-triangles/}
}

